@article{gauss1995coupled,
  title={Coupled-cluster calculations of nuclear magnetic resonance chemical shifts},
  author={Gauss, J{\"u}rgen and Stanton, John F},
  journal={The Journal of chemical physics},
  volume={103},
  number={9},
  pages={3561--3577},
  year={1995},
  publisher={AIP}
}
