@book{kvaal2017notes,
  title={Lecture notes for FYS-KJM4480 - Quantum mechanics for many-particle systems},
  author={Simen Kvaal},
  year={2017},
}

@book{karwowski,
  author = {Karwowski, Jacek},
  year = {1992},
  month = {01},
  pages = {197-222},
  title = {Configuration Interaction},
  isbn = {0444885129, 9780444885128}
}
